@article{kingma2015,
  title={Adam: A method for stochastic optimization},
  author={Kingma, D and Ba, J},
  journal={ICLR},
  year={2015}
}

@article{signatory,
    title={{Signatory: differentiable computations of the signature and logsignature transforms, on both CPU and GPU}},
    author={Kidger, Patrick and Lyons, Terry},
    journal={arXiv:2001.00706},
    note={\texttt{https://github.com/patrick-kidger/signatory}},
    year={2020}
}

@article{bagnall2018uea,
  title={The UEA multivariate time series classification archive, 2018},
  author={Bagnall, Anthony and Dau, Hoang Anh and Lines, Jason and Flynn, Michael and Large, James and Bostrom, Aaron and Southam, Paul and Keogh, Eamonn},
  journal={arXiv preprint arXiv:1811.00075},
  year={2018}
}

@article{warden2018speech,
  title={Speech commands: A dataset for limited-vocabulary speech recognition},
  author={Warden, Pete},
  journal={arXiv preprint arXiv:1804.03209},
  year={2018}
}

% first
@article{ye2009firstshapelet,
title={{Time Series Shapelets: A New Primitive for Data Mining}},
author={Ye, Lexiang and Keogh, Eamonn},
journal={KDD 2009},
year={2009},
}

% differentiable
@article{grabocka2014learningshapelet,
title={{Learning Time-Series Shapelets}},
author={Grabocka, Josif and Schilling, Nicolas and Wistuba, Martin and Schmidt-Thieme, Lars},
year={2014},
journal={KDD 2014}
}

% fast, multivariate
@article{grabocka2016speedshapelet,
title={{Fast classification of univariate and multivariate time series through shapelet discovery}},
author={Grabocka, Josif and Wistuba, Martin and Schmidt-Thieme, Lars},
year={2016},
journal={Knowl. Inf. Syst.},
volume={49},
pages={429--454}
}

% differentiable, another discrepancy
@article{grabocka2016dtwshapelet,
title={{Learning DTW-Shapelets for Time-Series Classification}},
author={Shah, Mit and Grabocka, Josif and Schilling, Nicolas and Wistuba, Martin and Schmidt-Thieme, Lars},
year={2016},
journal={CODS 2016}
}

% differentiable
@article{hou2016efficient,
title={{Efficient Learning of Timeseries Shapelets}},
author={Hou, Lu and Kwok, James and Zurada, Jacek},
year={2016},
journal={AAAI 2016}
}

% fast
@article{grabocka2015scalable,
title={{Scalable Discovery of Time-Series Shapelets}},
author={Grabocka, Josif and Wistuba, Martin and Schmidt-Thieme, Lars}},
year={2015},
journal={arXiv:1503.03238}
}

% honestly I have no idea what the purpose of this article really is
@article{hills2014classification,
title={{Classification of time series by shapelet transformation}},
author={Hills, Jon and Lines, Jason and Baranauskas, Edgaras and Mapp, James and Bagnall, Anthony},
year={2014},
journal={Data Mining and Knowledge Discovery},
volume={28},
pages={851--881}
}

% fast
@inproceedings{mueen2011logical,
title={{Logical-Shapelets: An Expressive Primitive for Time Series Classification}},
author={Mueen, Abdullah and Keogh, Eamonn and Young, Neal},
year={2011},
booktitle={Proceedings of the 17th ACM SIGKDD International Conference on Knowledge Discovery and Data Mining},
pages={1154--1162}
}

% fast, random projection
@inproceedings{rak2013fast,
title={{Fast shapelets: A scalable algorithm for discovering time series shapelets}},
author={Rakthanmanon, Thanawin and Keogh, Eamonn},
year={2013},
booktitle={Proceedings of the 13th SIAM International Conference on Data Mining},
pages={668--676}
}

% fast, random selection
@article{wistuba2015ultrafast,
title={{Ultra-Fast Shapelets for Time Series Classification}},
author={Wistuba, Martin and Grabocka, Josif and Schmidt-Thieme, Lars},
year={2015},
journal={arXiv:1503.05018}
}

% differentiable, interpretable regularisation
@article{wang2019interp,
title={{Learning Interpretable Shapelets for Time Series Classification through Adversarial Regularization}},
author={Wang, Yichang and Emonet, R{\'e}mi and Fromont, Elisa and Malinowski, Simon and Menager, Etienne and Mosser, Lo{\"i}c and Tavenard, Romain},
year={2019},
journal={CAP 2019}
}

% another generic paper
@InProceedings{bostrom2015shapelet,
author="Bostrom, Aaron
and Bagnall, Anthony",
editor="Madria, Sanjay
and Hara, Takahiro",
title="Binary Shapelet Transform for Multiclass Time Series Classification",
booktitle="Big Data Analytics and Knowledge Discovery",
year="2015",
publisher="Springer International Publishing",
address="Cham",
pages="257--269",
}

% overall
@article{bagnall2016bakeoff,
title={{The Great Time Series Classification Bake Off: An Experimental Evaluation of Recently Proposed Algorithms. Extended Version}},
author={Bagnall, Anthony and Bostrom, Aaron and Large, James and Lines, Jason},
year={2016},
journal={arXiv:1602.01711}
}

@incollection{pytorch,
title = {{PyTorch: An Imperative Style, High-Performance Deep Learning Library}},
author = {Paszke, Adam and Gross, Sam and Massa, Francisco and Lerer, Adam and Bradbury, James and Chanan, Gregory and Killeen, Trevor and Lin, Zeming and Gimelshein, Natalia and Antiga, Luca and Desmaison, Alban and Kopf, Andreas and Yang, Edward and DeVito, Zachary and Raison, Martin and Tejani, Alykhan and Chilamkurthy, Sasank and Steiner, Benoit and Fang, Lu and Bai, Junjie and Chintala, Soumith},
booktitle = {Advances in Neural Information Processing Systems 32},
pages = {8024--8035},
year = {2019},
publisher = {Curran Associates, Inc.},
}

@misc{tensorflow,
title={{TensorFlow: Large-Scale Machine Learning on Heterogeneous Systems}},
url={https://www.tensorflow.org/},
note={Software available from tensorflow.org},
author={
    Mart\'{\i}n~Abadi and
    Ashish~Agarwal and
    Paul~Barham and
    Eugene~Brevdo and
    Zhifeng~Chen and
    Craig~Citro and
    Greg~S.~Corrado and
    Andy~Davis and
    Jeffrey~Dean and
    Matthieu~Devin and
    Sanjay~Ghemawat and
    Ian~Goodfellow and
    Andrew~Harp and
    Geoffrey~Irving and
    Michael~Isard and
    Yangqing Jia and
    Rafal~Jozefowicz and
    Lukasz~Kaiser and
    Manjunath~Kudlur and
    Josh~Levenberg and
    Dandelion~Man\'{e} and
    Rajat~Monga and
    Sherry~Moore and
    Derek~Murray and
    Chris~Olah and
    Mike~Schuster and
    Jonathon~Shlens and
    Benoit~Steiner and
    Ilya~Sutskever and
    Kunal~Talwar and
    Paul~Tucker and
    Vincent~Vanhoucke and
    Vijay~Vasudevan and
    Fernanda~Vi\'{e}gas and
    Oriol~Vinyals and
    Pete~Warden and
    Martin~Wattenberg and
    Martin~Wicke and
    Yuan~Yu and
    Xiaoqiang~Zheng},
  year={2015},
}

@software{jax,
  author = {James Bradbury and Roy Frostig and Peter Hawkins and Matthew James Johnson and Chris Leary and Dougal Maclaurin and Skye Wanderman-Milne},
  title = {{JAX}: composable transformations of {P}ython+{N}um{P}y programs},
  url = {http://github.com/google/jax},
  version = {0.1.55},
  year = {2018},
}

@inproceedings{interpolation-prediction,
title={Interpolation-Prediction Networks for Irregularly Sampled Time Series},
author={Shukla, S. N. and Marlin, B.},
booktitle={International Conference on Learning Representations},
year={2019},
}

@inproceedings{li2016scalable,
  title={{A scalable end-to-end Gaussian process adapter for irregularly sampled time series classification}},
  author={Li, Steven Cheng-Xian and Marlin, Benjamin M.},
  booktitle={Advances in Neural Information Processing Systems},
  pages={1804--1812},
  year={2016}
}

@inproceedings{futoma2017mgp,
 title={{Learning to Detect Sepsis with a Multitask Gaussian Process RNN Classifier}},
 author={Futoma, Joseph and Hariharan, Sanjay and Heller, Katherine},
 booktitle={Proceedings of the 34th International Conference on Machine Learning},
 year={2017},
 pages={1174--1182}
}
@book{levy-lyons,
author = {Lyons, Terry and Caruana, Michael and Levy, Thierry},
title = {{Differential equations driven by rough paths}},
publisher={Springer},
note={École d'Été de Probabilités de Saint-Flour XXXIV - 2004},
year={2004}
}

@article{logsig-rnn,
author={Liao, Shujian and Lyons, Terry and Yang, Weixin and Ni, Hao},
title={{Learning stochastic differential equations using RNN with log signature features}},
journal={arXiv:1908.08286},
year={2019}
}

@inproceedings{kidger2019deep,
  title={{Deep Signature Transforms}},
  author={Bonnier, Patric and Kidger, Patrick and Perez Arribas, Imanol and Salvi, Cristopher and Lyons, Terry},
  booktitle={Advances in Neural Information Processing Systems},
  pages={3099--3109},
  year={2019}
}

@InProceedings{mfc,
author="Xu, Min
and Duan, Ling-Yu
and Cai, Jianfei
and Chia, Liang-Tien
and Xu, Changsheng
and Tian, Qi",
editor="Aizawa, Kiyoharu
and Nakamura, Yuichi
and Satoh, Shin'ichi",
title="HMM-Based Audio Keyword Generation",
booktitle="Advances in Multimedia Information Processing - PCM 2004",
year="2005",
publisher="Springer Berlin Heidelberg",
address="Berlin, Heidelberg",
pages="566--574",
}

@article{witt,
year={1997},
author={Lothaire, M.},
title={Combinatorics on words},
publisher={Cambridge University Press}
}

@article{howisonutilisation,
  title={Utilisation of the signature method to identify the early onset of sepsis from multivariate physiological time series in critical care monitoring},
  author={Howison, S and Nevado-Holgado, A and Swaminathan, S and Kormilitzin, A and Morrill, JH and Lyons, T},
  journal={Critical Care Medicine},
  publisher={Lippincott, Williams \& Wilkins}
}